@comment{x-kbibtex-personnameformatting=<%l><, %f>}

@techreport{genode,
	author = "Feske, Norman",
	month = may,
	title = "{Genode Operating System Framework 17.05 Foundations}",
	year = "2017"
}

@misc{fuse,
	howpublished = "{\url{https://github.com/libfuse/libfuse}}",
	note = "Accessed: 05.11.2017",
	title = "{libfuse/libfuse: The reference implementation of the Linux FUSE (Filesystem in Userspace) interface}"
}

@misc{uio,
	author = "Koch, Hans-J{\"u}rgen and Linutronix",
	howpublished = "{\url{https://www.kernel.org/doc/html/v4.12/driver-api/uio-howto.html}}",
	month = dec,
	note = "Accessed: 05.11.2017",
	title = "{The Userspace I/O HOWTO}",
	year = "2006"
}

@techreport{rump,
	author = "Kantee, Antti",
	month = aug,
	title = "{The Design and Implementation of Anykernel and Rump kernels}",
	year = "2016"
}

@misc{fosdem_rump,
	howpublished = "{\url{https://archive.fosdem.org/2013/interviews/2013-antii-kantee/}}",
	note = "Accessed: 09.11.2017",
	title = "{Interview: Antti Kantee:
The Anykernel and Rump Kernels}"
}

@misc{bsd_rump,
	howpublished = "{\url{https://wiki.netbsd.org/rumpkernel/}}",
	note = "Accessed: 09.11.2017",
	title = "{rumpkernel}"
}

